<record><leader>00000cas a22000007a 4500</leader><controlfield tag="001">13556517</controlfield><controlfield tag="008">860512d19611983wiuwr ne      0    0eng d</controlfield><datafield ind1=" " ind2=" " tag="010"><subfield code="a">sn 86086468 </subfield></datafield><datafield ind1=" " ind2=" " tag="040"><subfield code="a">NPV</subfield><subfield code="b">eng</subfield><subfield code="c">NPV</subfield><subfield code="d">OCLCQ</subfield></datafield><datafield ind1=" " ind2=" " tag="032"><subfield code="a">672500</subfield><subfield code="b">USPS</subfield></datafield><datafield ind1=" " ind2=" " tag="042"><subfield code="a">msc</subfield></datafield><datafield ind1=" " ind2=" " tag="045"><subfield code="a">x6x8</subfield></datafield><datafield ind1=" " ind2=" " tag="052"><subfield code="a">4123</subfield><subfield code="b">S3</subfield><subfield code="b">R5</subfield><subfield code="b">I5</subfield></datafield><datafield ind1="0" ind2="4" tag="245"><subfield code="a">The Weekly home news of the River Valley area.</subfield></datafield><datafield ind1="1" ind2="7" tag="246"><subfield code="a">Weekly home news</subfield></datafield><datafield ind1="1" ind2="7" tag="246"><subfield code="a">Home news</subfield></datafield><datafield ind1=" " ind2=" " tag="260"><subfield code="a">Spring Green, Wis. :</subfield><subfield code="b">V.E. Hill,</subfield><subfield code="c">1961-1983.</subfield></datafield><datafield ind1=" " ind2=" " tag="300"><subfield code="a">22 v. :</subfield><subfield code="b">ill.</subfield></datafield><datafield ind1=" " ind2=" " tag="310"><subfield code="a">Weekly</subfield></datafield><datafield ind1="0" ind2=" " tag="362"><subfield code="a">80th year, no. 31 (Feb. 9, 1961)-v. 101, no. 37 (Feb. 23, 1983).</subfield></datafield><datafield ind1=" " ind2=" " tag="500"><subfield code="a">Publisher varies.</subfield></datafield><datafield ind1=" " ind2=" " tag="500"><subfield code="a">"Serving Spring Green, Plain, Lone Rock, Arena, and rural routes."</subfield></datafield><datafield ind1=" " ind2=" " tag="500"><subfield code="a">Editors: V.E. Hill, Feb. 9, 1961-March 1, 1978; L. Hill, March 8, 1978-Aug. 1, 1979; M. Van Sweringen, Aug. 8-Oct. 3, 1979; S.D. Beck, Oct. 10, 1979-Oct. 20, 1982; K. Brown, Nov. 24, 1982-Feb. 23, 1983.</subfield></datafield><datafield ind1=" " ind2=" " tag="530"><subfield code="a">Available on microfilm from The State Historical Society of Wisconsin.</subfield></datafield><datafield ind1=" " ind2=" " tag="752"><subfield code="a">United States</subfield><subfield code="b">Wisconsin</subfield><subfield code="c">Sauk</subfield><subfield code="d">Spring Green.</subfield></datafield><datafield ind1=" " ind2=" " tag="752"><subfield code="a">United States</subfield><subfield code="b">Wisconsin</subfield><subfield code="c">Sauk</subfield><subfield code="d">Plain.</subfield></datafield><datafield ind1=" " ind2=" " tag="752"><subfield code="a">United States</subfield><subfield code="b">Wisconsin</subfield><subfield code="c">Richland</subfield><subfield code="d">Lone Rock.</subfield></datafield><datafield ind1=" " ind2=" " tag="752"><subfield code="a">United States</subfield><subfield code="b">Wisconsin</subfield><subfield code="c">Iowa</subfield><subfield code="d">Arena.</subfield></datafield><datafield ind1="0" ind2="0" tag="780"><subfield code="t">Weekly home news</subfield><subfield code="w">(DLC)sn 86086467</subfield></datafield><datafield ind1="0" ind2="0" tag="785"><subfield code="t">Home news (Spring Green, Wis.)</subfield><subfield code="w">(DLC)sn 86086469</subfield></datafield><datafield ind1="1" ind2=" " tag="029"><subfield code="a">AU@</subfield><subfield code="b">000025829366</subfield></datafield></record>